%% This BibTeX bibliography file was created using BibDesk.
%% http://bibdesk.sourceforge.net/


%% Created for Tommy Keane at 2011-03-23 13:31:32 -0400 


%% Saved with string encoding Unicode (UTF-8) 



@article{Schneider2009,
	Author = {D. Schneider and E. Schwalbe and H.-G. Maas},
	Date-Added = {2011-03-23 13:14:31 -0400},
	Date-Modified = {2011-03-23 13:14:41 -0400},
	Doi = {DOI: 10.1016/j.isprsjprs.2009.01.001},
	Issn = {0924-2716},
	Journal = {ISPRS Journal of Photogrammetry and Remote Sensing},
	Note = {Theme Issue: Image Analysis and Image Engineering in Close Range Photogrammetry},
	Number = {3},
	Pages = {259 - 266},
	Title = {Validation of geometric models for fisheye lenses},
	Url = {http://www.sciencedirect.com/science/article/B6VF4-4VKDGRG-1/2/ffc7ea184bce82aac4edc622889e6496},
	Volume = {64},
	Year = {2009},
	Bdsk-Url-1 = {http://www.sciencedirect.com/science/article/B6VF4-4VKDGRG-1/2/ffc7ea184bce82aac4edc622889e6496},
	Bdsk-Url-2 = {http://dx.doi.org/10.1016/j.isprsjprs.2009.01.001}}

@article{Brown2003,
	Acmid = {946772},
	Address = {Washington, DC, USA},
	Author = {Brown, M. and Lowe, D. G.},
	Booktitle = {Proceedings of the Ninth IEEE International Conference on Computer Vision - Volume 2},
	Date-Added = {2011-03-23 11:05:16 -0400},
	Date-Modified = {2011-03-23 13:31:17 -0400},
	Isbn = {0-7695-1950-4},
	Pages = {1218--},
	Publisher = {IEEE Computer Society},
	Series = {ICCV '03},
	Title = {Recognising Panoramas},
	Url = {http://portal.acm.org/citation.cfm?id=946247.946772},
	Year = {2003},
	Bdsk-Url-1 = {http://portal.acm.org/citation.cfm?id=946247.946772}}

@article{Szeliski1997,
	Acmid = {258861},
	Address = {New York, NY, USA},
	Author = {Szeliski, Richard and Shum, Heung-Yeung},
	Booktitle = {Proceedings of the 24th annual conference on Computer graphics and interactive techniques},
	Date-Added = {2011-03-23 11:02:38 -0400},
	Date-Modified = {2011-03-23 13:31:28 -0400},
	Doi = {http://dx.doi.org/10.1145/258734.258861},
	Isbn = {0-89791-896-7},
	Numpages = {8},
	Pages = {251--258},
	Publisher = {ACM Press/Addison-Wesley Publishing Co.},
	Series = {SIGGRAPH '97},
	Title = {Creating full view panoramic image mosaics and environment maps},
	Url = {http://dx.doi.org/10.1145/258734.258861},
	Year = {1997},
	Bdsk-Url-1 = {http://dx.doi.org/10.1145/258734.258861}}

@article{Burt1983,
	Acmid = {247},
	Address = {New York, NY, USA},
	Author = {Burt, Peter J. and Adelson, Edward H.},
	Date-Added = {2011-03-23 10:56:27 -0400},
	Date-Modified = {2011-03-23 10:56:37 -0400},
	Doi = {http://doi.acm.org/10.1145/245.247},
	Issn = {0730-0301},
	Issue = {4},
	Journal = {ACM Trans. Graph.},
	Month = {October},
	Numpages = {20},
	Pages = {217--236},
	Publisher = {ACM},
	Title = {A multiresolution spline with application to image mosaics},
	Url = {http://doi.acm.org/10.1145/245.247},
	Volume = {2},
	Year = {1983},
	Bdsk-Url-1 = {http://doi.acm.org/10.1145/245.247}}

@article{Pluim2003,
	Author = {Pluim, J.P.W. and Maintz, J.B.A. and Viergever, M.A.},
	Date-Modified = {2011-03-23 10:56:11 -0400},
	Doi = {10.1109/TMI.2003.815867},
	Issn = {0278-0062},
	Journal = {Medical Imaging, IEEE Transactions on},
	Month = aug.,
	Number = {8},
	Pages = {986 -1004},
	Title = {Mutual-information-based registration of medical images: a survey},
	Volume = {22},
	Year = {2003},
	Bdsk-Url-1 = {http://dx.doi.org/10.1109/TMI.2003.815867}}

@article{Haenselmann2009,
	Author = {Thomas Haenselmann and Marcel Busse and Stephan Kopf and Thomas King and Wolfgang Effelsberg},
	Date-Added = {2011-03-23 10:51:25 -0400},
	Date-Modified = {2011-03-23 10:51:35 -0400},
	Doi = {DOI: 10.1016/j.imavis.2008.06.008},
	Issn = {0262-8856},
	Journal = {Image and Vision Computing},
	Number = {4},
	Pages = {391 - 401},
	Title = {Multi perspective panoramic imaging},
	Url = {http://www.sciencedirect.com/science/article/B6V09-4SWWT2B-1/2/89b7102fc54759f16f1cd79f7d6c8b01},
	Volume = {27},
	Year = {2009},
	Bdsk-Url-1 = {http://www.sciencedirect.com/science/article/B6V09-4SWWT2B-1/2/89b7102fc54759f16f1cd79f7d6c8b01},
	Bdsk-Url-2 = {http://dx.doi.org/10.1016/j.imavis.2008.06.008}}

@article{Davis1998,
	Author = {Davis, J.},
	Booktitle = {Computer Vision and Pattern Recognition, 1998. Proceedings. 1998 IEEE Computer Society Conference on},
	Date-Modified = {2011-03-23 13:30:57 -0400},
	Doi = {10.1109/CVPR.1998.698630},
	Issn = {1063-6919},
	Month = jun,
	Pages = {354 -360},
	Title = {Mosaics of scenes with moving objects},
	Year = {1998},
	Bdsk-Url-1 = {http://dx.doi.org/10.1109/CVPR.1998.698630}}

@book{Oppenheim1999,
	Author = {Oppenheim, A.V. and Schafer, R.W. and Buck, J.R.},
	Date-Added = {2011-03-23 10:25:05 -0400},
	Date-Modified = {2011-03-23 10:25:15 -0400},
	Isbn = {9780137549207},
	Lccn = {98050398},
	Publisher = {Prentice Hall},
	Series = {Prentice-Hall signal processing series},
	Title = {{Discrete-time signal processing}},
	Url = {http://books.google.com/books?id=TPpSAAAAMAAJ},
	Year = {1999},
	Bdsk-Url-1 = {http://books.google.com/books?id=TPpSAAAAMAAJ}}

@book{Palmer1999,
	Author = {Palmer, S.E.},
	Date-Added = {2011-03-23 10:19:35 -0400},
	Date-Modified = {2011-03-23 10:19:44 -0400},
	Isbn = {9780262161831},
	Lccn = {99011785},
	Publisher = {MIT Press},
	Series = {A Bradford book},
	Title = {{Vision science: photons to phenomenology}},
	Url = {http://books.google.com/books?id=IEl4QgAACAAJ},
	Year = {1999},
	Bdsk-Url-1 = {http://books.google.com/books?id=IEl4QgAACAAJ}}

@book{Faugeras2004,
	Author = {Faugeras, O. and Luong, Q.T. and Papadopoulo, T.},
	Date-Added = {2011-03-23 10:18:39 -0400},
	Date-Modified = {2011-03-23 10:19:00 -0400},
	Isbn = {9780262562041},
	Publisher = {MIT Press},
	Title = {{The Geometry of Multiple Images: The Laws That Govern the Formation of Multiple Images of a Scene and Some of Their Applications}},
	Url = {http://books.google.com/books?id=vauYE0nlFGEC},
	Year = {2004},
	Bdsk-Url-1 = {http://books.google.com/books?id=vauYE0nlFGEC}}

@book{Lim1990,
	Author = {Lim, J.S.},
	Date-Added = {2011-03-23 10:15:13 -0400},
	Date-Modified = {2011-03-23 10:15:28 -0400},
	Isbn = {9780139353222},
	Lccn = {89033088},
	Publisher = {Prentice Hall},
	Series = {Prentice-Hall signal processing series},
	Title = {{Two-dimensional signal and image processing}},
	Url = {http://books.google.com/books?id=6vdSAAAAMAAJ},
	Year = {1990},
	Bdsk-Url-1 = {http://books.google.com/books?id=6vdSAAAAMAAJ}}

@book{Hartley2003,
	Author = {Hartley, R. and Zisserman, A.},
	Date-Added = {2011-03-23 10:09:20 -0400},
	Date-Modified = {2011-03-23 10:09:40 -0400},
	Isbn = {9780521540513},
	Lccn = {2004557531},
	Publisher = {Cambridge University Press},
	Title = {{Multiple view geometry in computer vision}},
	Url = {http://books.google.com/books?id=si3R3Pfa98QC},
	Year = {2003},
	Bdsk-Url-1 = {http://books.google.com/books?id=si3R3Pfa98QC}}

@book{Kullback1997,
	Author = {Kullback, S.},
	Date-Added = {2011-03-23 10:06:35 -0400},
	Date-Modified = {2011-03-23 10:07:52 -0400},
	Isbn = {9780486696843},
	Lccn = {lc97014382},
	Publisher = {Dover Publications},
	Series = {Dover books on mathematics},
	Title = {{Information theory and statistics}},
	Url = {http://books.google.com/books?id=05LwShwkhFYC},
	Year = {1997},
	Bdsk-Url-1 = {http://books.google.com/books?id=05LwShwkhFYC}}

@book{Cover2006,
	Author = {Cover, T.M. and Thomas, J.A.},
	Date-Added = {2011-03-23 10:05:25 -0400},
	Date-Modified = {2011-03-23 10:05:42 -0400},
	Isbn = {9780471241959},
	Lccn = {2005047799},
	Publisher = {Wiley-Interscience},
	Series = {Wiley Series in Telecommunications and Signal Processing},
	Title = {{Elements of information theory}},
	Url = {http://books.google.com/books?id=0QuawYmc2pIC},
	Year = {2006},
	Bdsk-Url-1 = {http://books.google.com/books?id=0QuawYmc2pIC}}

@book{Mackay2004,
	Author = {MacKay, D.J.C.},
	Date-Added = {2011-03-23 10:04:34 -0400},
	Date-Modified = {2011-03-23 10:04:53 -0400},
	Isbn = {9780521642989},
	Publisher = {Cambridge University Press},
	Title = {{Information theory, inference, and learning algorithms}},
	Url = {http://books.google.com/books?id=AKuMj4PN_EMC},
	Year = {2004},
	Bdsk-Url-1 = {http://books.google.com/books?id=AKuMj4PN_EMC}}

@article{Zitova2003,
	Author = {Barbara Zitov{\'a} and Jan Flusser},
	Date-Modified = {2011-03-23 09:58:37 -0400},
	Doi = {DOI: 10.1016/S0262-8856(03)00137-9},
	Issn = {0262-8856},
	Journal = {Image and Vision Computing},
	Number = {11},
	Pages = {977 - 1000},
	Title = {Image registration methods: a survey},
	Url = {http://www.sciencedirect.com/science/article/B6V09-49D25S6-3/2/b95e1823beee3564404b565b95dc8770},
	Volume = {21},
	Year = {2003},
	Bdsk-Url-1 = {http://www.sciencedirect.com/science/article/B6V09-49D25S6-3/2/b95e1823beee3564404b565b95dc8770},
	Bdsk-Url-2 = {http://dx.doi.org/10.1016/S0262-8856(03)00137-9}}

@article{Kanazawa2004,
	Author = {Yasushi Kanazawa and Kenichi Kanatani},
	Date-Added = {2011-03-23 09:52:52 -0400},
	Date-Modified = {2011-03-23 09:54:37 -0400},
	Doi = {DOI: 10.1016/j.imavis.2003.07.001},
	Issn = {0262-8856},
	Journal = {Image and Vision Computing},
	Note = {Statistical Methods in Video Processing},
	Number = {2},
	Pages = {93 - 103},
	Title = {Image mosaicing by stratified matching},
	Url = {http://www.sciencedirect.com/science/article/B6V09-49JXC8V-3/2/d03e909ecdbd930946f7a0e3e3600e9a},
	Volume = {22},
	Year = {2004},
	Bdsk-Url-1 = {http://www.sciencedirect.com/science/article/B6V09-49JXC8V-3/2/d03e909ecdbd930946f7a0e3e3600e9a},
	Bdsk-Url-2 = {http://dx.doi.org/10.1016/j.imavis.2003.07.001}}

@article{Gracias2009,
	Author = {Nuno Gracias and Mohammad Mahoor and Shahriar Negahdaripour and Arthur Gleason},
	Date-Added = {2011-03-23 09:50:27 -0400},
	Date-Modified = {2011-03-23 09:50:48 -0400},
	Doi = {DOI: 10.1016/j.imavis.2008.04.014},
	Issn = {0262-8856},
	Journal = {Image and Vision Computing},
	Note = {The 17th British Machine Vision Conference (BMVC 2006)},
	Number = {5},
	Pages = {597 - 607},
	Title = {Fast image blending using watersheds and graph cuts},
	Url = {http://www.sciencedirect.com/science/article/B6V09-4SDGR1W-6/2/e11b1e9711ad91fba9d6fd4ee54d578a},
	Volume = {27},
	Year = {2009},
	Bdsk-Url-1 = {http://www.sciencedirect.com/science/article/B6V09-4SDGR1W-6/2/e11b1e9711ad91fba9d6fd4ee54d578a},
	Bdsk-Url-2 = {http://dx.doi.org/10.1016/j.imavis.2008.04.014}}

@article{Rav-Acha2005,
	Address = {Los Alamitos, CA, USA},
	Author = {Alex Rav-Acha and Yael Pritch and Dani Lischinski and Shmuel Peleg},
	Date-Added = {2011-03-23 09:46:21 -0400},
	Date-Modified = {2011-03-23 09:46:38 -0400},
	Doi = {http://doi.ieeecomputersociety.org/10.1109/CVPR.2005.137},
	Issn = {1063-6919},
	Journal = {Computer Vision and Pattern Recognition, IEEE Computer Society Conference on},
	Pages = {58-65},
	Publisher = {IEEE Computer Society},
	Title = {Dynamosaics: Video Mosaics with Non-Chronological Time},
	Volume = {1},
	Year = {2005},
	Bdsk-Url-1 = {http://doi.ieeecomputersociety.org/10.1109/CVPR.2005.137}}

@article{Brown2007,
	Affiliation = {University of British Columbia Department of Computer Science Vancouver Canada Vancouver Canada},
	Author = {Brown, Matthew and Lowe, David},
	Date-Added = {2011-03-23 09:41:57 -0400},
	Date-Modified = {2011-03-23 09:51:13 -0400},
	Issn = {0920-5691},
	Issue = {1},
	Journal = {International Journal of Computer Vision},
	Note = {10.1007/s11263-006-0002-3},
	Pages = {59-73},
	Publisher = {Springer Netherlands},
	Title = {Automatic panoramic image stitching using invariant features},
	Url = {http://dx.doi.org/10.1007/s11263-006-0002-3},
	Volume = {74},
	Year = {2007},
	Bdsk-Url-1 = {http://dx.doi.org/10.1007/s11263-006-0002-3}}

@conference{Walli2009,
	Address = {San Antonio, Texas, United States},
	Author = {Karl C. Walli and David R. Nilosek and John R. Schott and Carl Salvaggio},
	Booktitle = {Proceedings of the ASPRS, ASPRS/MAPPS 2009 Fall Conference, Digital Mapping - From Elevation to Information, Digital Elevation Data Fusion Innovations},
	Date-Modified = {2011-03-23 09:51:42 -0400},
	Month = {November},
	Organization = {ASPRS},
	Title = {Airborne synthetic scene generation (AeroSynth)},
	Url = {http://www.asprs.org/publications/proceedings/sanantonio09/Walli.pdf},
	Year = {2009},
	Bdsk-Url-1 = {http://www.asprs.org/publications/proceedings/sanantonio09/Walli.pdf}}

@conference{Nilosek2009,
	Acmid = {1599366},
	Address = {New York, NY, USA},
	Articleno = {65},
	Author = {Nilosek, David and Walli, Karl},
	Booktitle = {SIGGRAPH '09: Posters},
	Date-Added = {2011-03-23 09:15:03 -0400},
	Date-Modified = {2011-03-23 09:49:06 -0400},
	Doi = {http://doi.acm.org/10.1145/1599301.1599366},
	Location = {New Orleans, Louisiana},
	Numpages = {1},
	Pages = {65:1--65:1},
	Publisher = {ACM},
	Series = {SIGGRAPH '09},
	Title = {Aerial scene synthesis from images},
	Url = {http://doi.acm.org/10.1145/1599301.1599366},
	Year = {2009},
	Bdsk-Url-1 = {http://doi.acm.org/10.1145/1599301.1599366}}

@incollection{Yao1999,
	Affiliation = {University of Regina Department of Computer Science Regina Saskatchewan Canada S4S 0A2},
	Author = {Yao, Y. and Wong, S. and Butz, C.},
	Booktitle = {Methodologies for Knowledge Discovery and Data Mining},
	Date-Added = {2011-03-23 09:11:09 -0400},
	Date-Modified = {2011-03-23 13:27:45 -0400},
	Editor = {Zhong, Ning and Zhou, Lizhu},
	Pages = {133-137},
	Publisher = {Springer Berlin / Heidelberg},
	Series = {Lecture Notes in Computer Science},
	Title = {On Information-Theoretic Measures of Attribute Importance},
	Volume = {1574},
	Year = {1999}}

@book{Tekalp1995,
	Address = {Upper Saddle River, NJ},
	Author = {A. Murat Tekalp},
	Date-Added = {2011-03-16 14:21:47 -0400},
	Date-Modified = {2011-03-16 14:22:36 -0400},
	Publisher = {Prentice Hall},
	Title = {Digital Video Processing},
	Year = {1995}}

@book{Reza1994,
	Address = {New York, NY},
	Author = {F. M. Reza},
	Date-Added = {2011-03-16 14:21:05 -0400},
	Date-Modified = {2011-03-16 14:21:45 -0400},
	Publisher = {Dover Publications},
	Title = {An Introduction to Information Theory},
	Year = {1994}}

@book{Gonzalez2008,
	Address = {Upper Saddle River, NJ},
	Author = {R. C. Gonzalez and R. E. Woods},
	Date-Added = {2011-03-16 14:17:08 -0400},
	Date-Modified = {2011-03-23 09:09:45 -0400},
	Edition = {3rd},
	Publisher = {Prentice Hall},
	Title = {Digital Image Processing},
	Year = {2008}}

@article{Brown2005,
	Author = {Michael Brown and Richard Szelisk and Simon Winder},
	Booktitle = {IEEE Computer Society Conference on Computer Vision and Pattern Recognition},
	Date-Added = {2011-03-16 14:11:33 -0400},
	Date-Modified = {2011-03-23 13:30:45 -0400},
	Pages = {510-517},
	Title = {Multi-image matching using multi-scale oriented patches},
	Volume = {1},
	Year = {2005}}

@article{Lee1991,
	Author = {Hsien-Che Lee and David R. Cok},
	Booktitle = {IEEE Transactions on Signal Processing},
	Date-Added = {2011-03-16 14:10:24 -0400},
	Date-Modified = {2011-03-23 09:50:56 -0400},
	Number = {5},
	Pages = {1181-1194},
	Title = {Detecting boundaries in a vector field},
	Volume = {39},
	Year = {1991}}

@conference{Harris1988,
	Author = {Chris Harris and Michael Stephens},
	Booktitle = {Proceedings of the Fourth Alvey Vision Conference},
	Date-Added = {2011-03-16 14:09:21 -0400},
	Date-Modified = {2011-03-23 09:47:24 -0400},
	Pages = {147-151},
	Title = {A combined corner and edge detector},
	Year = {1988}}

@article{Viola1997,
	Author = {Paul Viola and William M. {Wells III}},
	Booktitle = {International Journal of Computer Vision},
	Date-Added = {2011-03-16 14:08:26 -0400},
	Date-Modified = {2011-03-23 09:51:27 -0400},
	Number = {2},
	Pages = {137-154},
	Title = {Alignment by maximization of mutual information},
	Volume = {24},
	Year = {1997}}

@article{Scharstein2002,
	Author = {Danial Scharstein and Richard Szeliski},
	Booktitle = {International Journal of Computer Vision},
	Date-Added = {2011-03-16 14:07:15 -0400},
	Date-Modified = {2011-03-23 09:51:53 -0400},
	Number = {1-3},
	Pages = {7-42},
	Title = {A taxonomy and evaluation of dense two-frame stereo correspondence algorithms},
	Volume = {47},
	Year = {2002}}

@article{Fan2008,
	Author = {Xiaofeng Fan and Harvey Rhody and Eli Saber},
	Booktitle = {Proceedings of SPIE},
	Date-Added = {2011-03-16 14:04:50 -0400},
	Date-Modified = {2011-03-23 09:51:21 -0400},
	Number = {68130F},
	Title = {An algorithm for automated registration of maps and images based on feature detection and mutual information},
	Volume = {6813},
	Year = {2008}}
